<record><leader>00000cas a2200000 a 4500</leader><controlfield tag="001">18253952</controlfield><controlfield tag="008">880722d19791982miumr ne      0   a0eng d</controlfield><datafield ind1=" " ind2=" " tag="010"><subfield code="a">sn 93050502 </subfield></datafield><datafield ind1=" " ind2=" " tag="040"><subfield code="a">EZN</subfield><subfield code="b">eng</subfield><subfield code="c">EZN</subfield><subfield code="d">ANU</subfield><subfield code="d">MHN</subfield><subfield code="d">OCL</subfield><subfield code="d">NYS</subfield><subfield code="d">OCLCQ</subfield><subfield code="d">OCLCF</subfield><subfield code="d">OCLCO</subfield></datafield><datafield ind1="1" ind2=" " tag="029"><subfield code="a">AU@</subfield><subfield code="b">000020751233</subfield></datafield><datafield ind1=" " ind2=" " tag="042"><subfield code="a">msc</subfield></datafield><datafield ind1=" " ind2=" " tag="043"><subfield code="a">n-us-mi</subfield></datafield><datafield ind1=" " ind2="4" tag="050"><subfield code="a">E99.C66</subfield><subfield code="b">W55</subfield></datafield><datafield ind1="0" ind2="0" tag="245"><subfield code="a">Win awenen nisitotam =</subfield><subfield code="b">He who understands.</subfield></datafield><datafield ind1="3" ind2="1" tag="246"><subfield code="a">He who understands</subfield></datafield><datafield ind1=" " ind2=" " tag="260"><subfield code="a">Sault Ste. Marie, Mich. :</subfield><subfield code="b">Sault Ste. Marie Tribe of Chippewa Indians</subfield></datafield><datafield ind1=" " ind2=" " tag="300"><subfield code="a">v. :</subfield><subfield code="b">ill. ;</subfield><subfield code="c">43 cm.</subfield></datafield><datafield ind1=" " ind2=" " tag="310"><subfield code="a">Monthly,</subfield><subfield code="b">May 1981-Aug. 1982</subfield></datafield><datafield ind1=" " ind2=" " tag="321"><subfield code="a">Bimonthly,</subfield><subfield code="b">&lt;Sept./Oct. 1980&gt;-Mar./Apr. 1981</subfield></datafield><datafield ind1="1" ind2=" " tag="362"><subfield code="a">Began in 1979.</subfield></datafield><datafield ind1="0" ind2=" " tag="362"><subfield code="a">-v. 4, no. 8 (Aug. 1982).</subfield></datafield><datafield ind1=" " ind2=" " tag="588"><subfield code="a">Description based on: Vol. 2, no. 4 (Sept./Oct. 1980).</subfield></datafield><datafield ind1=" " ind2="0" tag="650"><subfield code="a">Ojibwa Indians</subfield><subfield code="v">Newspapers.</subfield></datafield><datafield ind1=" " ind2="0" tag="650"><subfield code="a">Indians of North America</subfield><subfield code="z">Michigan</subfield><subfield code="z">Upper Peninsula</subfield><subfield code="x">Newspapers.</subfield></datafield><datafield ind1=" " ind2="0" tag="651"><subfield code="a">Sault Sainte Marie (Mich.)</subfield><subfield code="v">Newspapers.</subfield></datafield><datafield ind1=" " ind2="0" tag="651"><subfield code="a">Chippewa County (Mich.)</subfield><subfield code="v">Newspapers.</subfield></datafield><datafield ind1=" " ind2="7" tag="655"><subfield code="a">Newspapers.</subfield><subfield code="2">fast</subfield><subfield code="0">(OCoLC)fst01423814</subfield></datafield><datafield ind1=" " ind2="7" tag="650"><subfield code="a">Indians of North America.</subfield><subfield code="2">fast</subfield><subfield code="0">(OCoLC)fst00969633</subfield></datafield><datafield ind1=" " ind2="7" tag="650"><subfield code="a">Ojibwa Indians.</subfield><subfield code="2">fast</subfield><subfield code="0">(OCoLC)fst01045067</subfield></datafield><datafield ind1=" " ind2="7" tag="651"><subfield code="a">Michigan</subfield><subfield code="z">Chippewa County.</subfield><subfield code="2">fast</subfield><subfield code="0">(OCoLC)fst01206567</subfield></datafield><datafield ind1=" " ind2="7" tag="651"><subfield code="a">Michigan</subfield><subfield code="z">Sault Sainte Marie.</subfield><subfield code="2">fast</subfield><subfield code="0">(OCoLC)fst01211415</subfield></datafield><datafield ind1=" " ind2="7" tag="651"><subfield code="a">Michigan</subfield><subfield code="z">Upper Peninsula.</subfield><subfield code="2">fast</subfield><subfield code="0">(OCoLC)fst01241555</subfield></datafield><datafield ind1="1" ind2=" " tag="710"><subfield code="a">Sault Ste. Marie Tribe of Chippewa Indians of Michigan.</subfield></datafield><datafield ind1=" " ind2=" " tag="752"><subfield code="a">United States</subfield><subfield code="b">Michigan</subfield><subfield code="c">Chippewa</subfield><subfield code="d">Sault Sainte Marie.</subfield></datafield><datafield ind1="0" ind2="0" tag="785"><subfield code="t">Win awenen nisitotung</subfield><subfield code="w">(DLC)sn 93050512</subfield><subfield code="w">(OCoLC)20080027</subfield></datafield></record>